% Encoding: UTF-8
@url{destatis1,
	Author = {Statisches Bundesamt der Bundesrepublik Deutschland},
	Date-Added = {2017-07-18 07:48:00 +0000},
	Date-Modified = {2017-07-18 07:49:58 +0000},
	Lastchecked = {2017-07-18},
	Title = {Unternehmensregister},
	Url = {https://www.destatis.de/DE/ZahlenFakten/GesamtwirtschaftUmwelt/UnternehmenHandwerk/Unternehmensregister/Tabellen/UnternehmenBeschaeftigteUmsatzWZ08.html},
	Urldate = {2016-10-31}}

@article{automobilwoche,
	Date-Added = {2017-07-18 07:11:48 +0000},
	Date-Modified = {2017-07-18 07:13:29 +0000},
	Journal = {Automobilwoche},
	Month = {October},
	Title = {Abgas-Skandal: VW-Zulieferer k{\"a}mpfen mit Kurzarbeit},
	Url = {http://www.automobilwoche.de/article/20161018/AGENTURMELDUNGEN/310189944/abgas-skandal-vw-zulieferer-kaempfen-mit-kurzarbeit},
	Year = {2016}}

@article{stuttzeit,
	Author = {Imelda Flaig},
	Date-Added = {2017-07-18 06:51:51 +0000},
	Date-Modified = {2017-07-18 06:55:58 +0000},
	Journal = {Stuttgarter Zeitung},
	Lastchecked = {2017-07-18},
	Month = {October},
	Title = {VW-Abgasaff{\"a}re belastet Zulieferer im Land},
	Url = {http://www.stuttgarter-zeitung.de/inhalt.baden-wuerttemberg-vw-abgasaffaere-belastet-zulieferer-im-land.06ea4637-d060-4109-ad3c-c341a04bf1bd.html},
	Year = {2016}}

@misc{raschkowski,
	Author = {Willi Raschkowski},
	Date-Added = {2017-07-15 15:57:11 +0000},
	Date-Modified = {2017-07-15 15:58:21 +0000},
	Keywords = {Deduplication},
	Month = {July},
	Title = {Name Matching German Companies},
	Year = {2016}}

@booklet{naumann,
	Author = {Felix Naumann and Melanie Herschel},
	Date-Added = {2017-07-12 13:24:58 +0000},
	Date-Modified = {2017-07-12 13:26:50 +0000},
	Keywords = {Duplicate Detection, Similarity Measures},
	Title = {An Introduction to Duplicate Detection},
	Year = {2010}}

@misc{mongeelkan,
	Author = {Alvaro E. Monge and Charles P. Elkan},
	Date-Added = {2017-07-12 12:25:13 +0000},
	Date-Modified = {2017-07-12 12:28:47 +0000},
	Howpublished = {paper},
	Keywords = {Similarity Measures},
	Title = {The field matching problem: Algorithms and applications},
	Year = {1996}}

@misc{winkler,
	Author = {William E. Winkler},
	Date-Added = {2017-07-12 11:06:55 +0000},
	Date-Modified = {2017-07-12 12:28:36 +0000},
	Howpublished = {Report},
	Keywords = {Similarity Measures, Record Linkage},
	Month = {February},
	Title = {Overview of Record Linkage and Current Research Directions},
	Year = {2006}}

@webpage{kompass,
	Date-Added = {2017-07-11 15:50:05 +0000},
	Date-Modified = {2017-07-11 15:50:31 +0000},
	Keywords = {Datasource, Kompass},
	Lastchecked = {11th July 2017},
	Month = {July},
	Url = {https://de.kompass.com/showNomenclature/},
	Year = {2017},
	Bdsk-Url-1 = {https://de.kompass.com/showNomenclature/}}

@webpage{dbpedia,
	Date-Added = {2017-07-11 15:47:51 +0000},
	Date-Modified = {2017-07-11 15:48:19 +0000},
	Keywords = {Datasource, DBpedia},
	Lastchecked = {11th July 2017},
	Month = {July},
	Url = {http://wiki.dbpedia.org/about},
	Year = {2017},
	Bdsk-Url-1 = {http://wiki.dbpedia.org/about}}

@webpage{wikidata,
	Date-Added = {2017-07-11 15:46:37 +0000},
	Date-Modified = {2017-07-11 15:47:48 +0000},
	Keywords = {Datasource, Wikidata},
	Lastchecked = {11th July 2017},
	Month = {July},
	Url = {https://www.wikidata.org/wiki/Wikidata:Introduction/en},
	Year = {2017},
	Bdsk-Url-1 = {https://www.wikidata.org/wiki/Wikidata:Introduction/en}}

@webpage{implisense,
	Date-Added = {2017-07-11 15:41:37 +0000},
	Date-Modified = {2017-07-11 15:49:03 +0000},
	Keywords = {Datasource, Implisense},
	Lastchecked = {11th July 2017},
	Month = {July},
	Url = {http://implisense.com/ueber-uns/},
	Year = {2017},
	Bdsk-Url-1 = {http://implisense.com/ueber-uns/}}

@misc{strelow,
	Author = {Nils Strelow},
	Date-Added = {2017-07-11 13:17:19 +0000},
	Date-Modified = {2017-07-11 13:51:12 +0000},
	Keywords = {HPI},
	Month = {July},
	Title = {Distributed Business Relations in Apache Cassandra},
	Year = {2017}}

@misc{janetzki,
	Author = {Jonathan Janetzki},
	Date-Added = {2017-07-11 12:56:45 +0000},
	Date-Modified = {2017-07-11 12:57:18 +0000},
	Keywords = {HPI, Textmining},
	Month = {July},
	Title = {Feature Extraction for Business Entity Linking in Newspaper Articles},
	Year = {2017}}

@misc{ehmueller,
	Author = {Jan Ehm{\"u}ller},
	Date-Added = {2017-07-11 12:51:43 +0000},
	Date-Modified = {2017-07-11 12:52:39 +0000},
	Keywords = {HPI, Textmining},
	Month = {July},
	Title = {Evaluation of Entity Linking Models on Business Data},
	Year = {2017}}

@misc{loeperradscheit,
	Author = {Lando E. N. L{\"o}per and Matthias Radscheit},
	Date-Added = {2017-07-11 12:49:11 +0000},
	Date-Modified = {2017-07-11 12:51:39 +0000},
	Keywords = {HPI, Deduplication},
	Month = {July},
	Title = {Evaluation of Duplicate Detection in the Domain of German Businesses},
	Year = {2017}}

@misc{schneider,
	Author = {Alec Schneider},
	Date-Added = {2017-07-11 12:47:58 +0000},
	Date-Modified = {2017-07-11 12:49:01 +0000},
	Keywords = {HPI, Textmining},
	Month = {July},
	Title = {Evaluation of Business Relation Extraction Methods from Text},
	Year = {2017}}

@misc{gruner,
	Author = {Milan Gruner},
	Date-Added = {2017-07-11 12:47:01 +0000},
	Date-Modified = {2017-07-11 12:47:38 +0000},
	Keywords = {HPI},
	Month = {July},
	Title = {Graph Exploration and Analysis on Business Graphs},
	Year = {2017}}

@misc{pabst,
	Author = {Leonard Pabst},
	Date-Added = {2017-07-11 12:39:38 +0000},
	Date-Modified = {2017-07-11 12:42:11 +0000},
	Keywords = {HPI, Blocking},
	Month = {July},
	Title = {Efficient Blocking Strategies on Business Data.},
	Year = {2017}}
	
@Article{Alexander,
  author = {Alexander Immer},
  title  = {Alias Generation to Improve Company Recognition in Text},
  year   = {2016},
}
